3167 4617
677 320 997 413 LECTORI.

213 1015 321 1188 En,
333 1104 449 1178 Lector
468 1109 636 1195 benevole,
653 1114 777 1204 plantas
792 1112 855 1180 fere
871 1133 980 1181 omnes
996 1110 1037 1178 ab
1052 1133 1137 1180 anno
1158 1115 1241 1195 1804
1256 1112 1297 1181 ad
1311 1111 1398 1179 huuc
1411 1133 1465 1179 us-

211 1214 274 1281 que
288 1195 369 1262 diem
386 1198 419 1263 in
434 1196 536 1290 Regio
552 1194 725 1271 Matritensi
745 1202 854 1268 Horto
877 1202 1072 1280 nominatas,
1088 1204 1242 1291 aliasque,
1258 1217 1313 1267 aut
1334 1220 1463 1291 prorsus

212 1281 349 1369 ignotas,
371 1289 591 1355 aut·nondum
615 1291 671 1374 rire
691 1292 851 1377 cognitas,
873 1288 1014 1378 diagnosi
1033 1291 1156 1356 certiori
1177 1290 1338 1368 definitas,
1359 1288 1464 1354 velet

208 1372 376 1438 contractis
391 1372 669 1463 descriptionibus,
684 1378 925 1463 synonimisqne
939 1377 1031 1442 certis
1046 1381 1159 1462 passim
1176 1379 1353 1443 illustratas.

275 1457 454 1522 scabrosae
464 1461 685 1537 ,amantiae
700 1481 812 1548 genera
828 1461 951 1545 plantas
973 1460 1207 1527 fructificatione
1222 1462 1464 1529 distinctissimas

209 1545 473 1641 complectentia,
488 1545 684 1634 proindeque
699 1547 788 1612 certis
812 1544 961 1611 limitibus
982 1547 1113 1613 omninb
1135 1550 1228 1614 nullis
1251 1549 1466 1638 circumscrip-

210 1642 263 1708 ta,
288 1648 378 1715 Juxta
403 1633 559 1721 principia
584 1635 754 1701 immortali
774 1630 974 1711 Vaillantio,
1001 1649 1095 1720 atque
1120 1636 1280 1700 neotericis
1307 1634 1464 1703 Botanicis

209 1734 271 1804 pro
298 1714 621 1807 Composs‘tg'florarum
647 1718 807 1809 generibus
832 1719 1053 1807 distinguendis
1085 1738 1235 1810 accepta;
1263 1723 1296 1786 in
1324 1719 1464 1811 Lrpice-

202 1799 362 1890 phalam,
379 1804 534 1873 Asterocr
554 1803 684 1886 talum,
708 1808 916 1884 scabiosam,
940 1805 1124 1873 Knautiam
1142 1826 1174 1874 et
1197 1807 1463 1897 Pterocephalum

207 1910 321 1977 genera
336 1891 506 1982 dispescuit
525 1828 714 1961 balmum
729 1894 770 1961 ab
786 1893 859 1960 Aro
874 1893 948 1961 flore
963 1893 1128 1983 fructuque
1142 1894 1317 1983 diversamj,
1335 1898 1463 1964 Deme-

211 1979 315 2044 triam
330 1976 372 2045 ab
387 1980 505 2048 Astrre
520 1980 628 2048 habitu
649 1982 943 2069 fructificationeqne
964 1981 1161 2062 distinctam,
1183 1981 1401 2066 Palafoaiam
1423 1984 1465 2052 ab

129 2149 132 2160 .
209 2066 324 2133 Stevia
331 2115 344 2146 ,
361 2065 514 2134 Alcinam
529 2068 554 2134 ci
571 2067 732 2140 Wedelia
749 2066 896 2135 limitibus
911 2068 961 2135 vel
984 2067 1025 2135 ab
1049 2071 1180 2159 ipsamet
1196 2088 1307 2137 natura
1328 2072 1464 2160 imposi-

208 2152 248 2218 tis
263 2153 405 2219 distinxi:
423 2155 609 2243 Dyssodt‘ae
625 2180 719 2247 genus
738 2156 924 2236 reformavi,
941 2156 1140 2246 ejusdemque
1155 2161 1271 2247 species
1288 2160 1319 2222 in
1335 2158 1466 2225 totidem

211 2237 272 2307 sere
288 2262 397 2330 genera
412 2243 568 2313 immerito
584 2245 735 2335 dispersas
758 2244 799 2310 ad
822 2266 941 2324 nuum,
963 2244 1109 2333 idemque
1124 2268 1239 2335 genus,
1259 2245 1464 2332 jubentena·

209 2343 302 2407 tura,
318 2331 424 2396 retuli:
441 2334 587 2421 saeviam
593 2380 607 2414 ,
624 2331 779 2399 Alcinam
787 2381 801 2413 ‚
820 2328 1077 2424 Melanpodium
1079 2379 1137 2398 .....
1157 2331 1383 2401 characteribus
1401 2356 1467 2401 cer·

209 2415 248 2481 tis
267 2415 320 2503 (ni
336 2416 449 2506 fallor)
467 2420 692 2502 determinavi,
708 2419 931 2511 speciebusque
951 2422 1039 2487 novis
1062 2420 1199 2486 adauxi:
1217 2422 1386 2512 synonima
1411 2439 1467 2489 aut

211 2504 319 2583 nulla,
341 2522 395 2570 aut
417 2525 502 2574 certa
528 2510 619 2575 attuli
630 2555 640 2589 ,
661 2529 835 2597 generaque
860 2505 902 2573 26
924 2530 1051 2595 prorsus
1075 2530 1158 2574 nova
1181 2509 1352 2598 descripsi,
1376 2530 1465 2596 qno·

208 2612 278 2656 rum
296 2592 439 2659 notitiam
454 2598 724 2686 manuscriptam,
746 2593 811 2682 jam
827 2592 868 2662 ab
883 2614 971 2660 anno
990 2593 1095 2675 1806,
1120 2594 1273 2664 auditores
1297 2597 1394 2662 nostri
1409 2594 1466 2663 ha·

105 2756 108 2761 ’
210 2674 336 2744 bebant.

277 2764 524 2858 Quamprimum
540 2770 558 2836 i
573 2772 737 2861 gravibus,
758 2767 870 2860 quibus
891 2790 975 2835 nunc
995 2767 1145 2838 distineor
1166 2771 1343 2852 laboribus,
1359 2772 1466 2839 tantil-

210 2852 277 2917 lum
302 2854 361 2919 sim
387 2879 521 2936 vacuus3
545 2858 657 2925 harum
691 2862 831 2949 ipsarum
862 2860 1063 2948 plantarum,
1089 2860 1283 2948 aliarumque
1307 2861 1339 2925 in
1364 2858 1465 2948 Regio

209 2939 337 3020 Horto,
353 2943 386 3007 in
402 2947 476 3009 meis
493 2944 672 3027 itineribus,
684 2964 778 3035 atque
793 2949 826 3010 in
840 2944 1053 3013 herbariisdiu
1071 2946 1133 3032 jam
1148 2945 1379 3014 observatarum
1396 2947 1467 3011 des·

186 3028 378 3116 criptiones
400 3030 554 3119 pleniores
575 3034 607 3097 in
632 3055 727 3122 opere
747 3033 860 3119 majori
883 3030 1002 3123 publici
1027 3032 1101 3121 juris
1124 3036 1246 3102 faciam.
1269 3032 1360 3096 Tunc
1382 3034 1466 3098 enlm

207 3119 424 3209 incorruptum
438 3114 612 3209 sapiebtum
623 3122 846 3189 Botanicorum
864 3120 1011 3209 judicium
1027 3119 1157 3190 libenter
1166 3120 1375 3206 amplectens,
1390 3134 1464 3208 ety-

212 3208 382 3295 mologias,
404 3210 636 3288 correctiones,
660 3211 894 3297 synonimaque
919 3208 1104 3297 adjungam,
1120 3227 1199 3293 qnae
1222 3226 1331 3270 eorum
1351 3205 1467 3273 obser·
1514 3207 1520 3214 ‘

208 3297 346 3361 vationes
371 3295 470 3383 (quas
492 3294 568 3359 mihi
590 3297 824 3362 communicare
841 3298 939 3362 velint
960 3317 1042 3374 oro,
1065 3291 1275 3381 obsecroque)
1292 3294 1342 3358 vel
1364 3311 1395 3360 et
1418 3296 1464 3360 li-

208 3381 340 3450 brorum
355 3399 537 3449 exterorum
553 3384 667 3463 lectio,
682 3405 819 3472 quorum
835 3382 943 3462 nobis,
960 3397 1092 3487 propter
1112 3380 1231 3448 bellurn
1245 3380 1465 3463 diutissimum,

142 3486 145 3491 '
209 3472 348 3538 maxima
364 3487 409 3536 est
424 3472 572 3558 penuria,
588 3469 760 3550 docebunt.
783 3470 931 3539 Lectores
954 3468 1105 3558 siqurdem
1128 3470 1264 3536 monitos
1280 3472 1396 3550 velim,
1412 3490 1463 3536 me

212 3558 274 3624 hac
297 3556 339 3622 de
360 3578 452 3622 causa
475 3560 646 3624 maximam
672 3560 952 3626 recentissimorum
975 3580 1106 3663 operum
1146 3574 1246 3625 artem
1263 3580 1328 3628 nou
1344 3556 1467 3637 vidisse,

139 3722 144 3730 ‚
211 3662 246 3713 ut
262 3667 302 3711 ex
318 3644 463 3731 adjuncta
478 3644 705 3713 breviationum
722 3644 762 3712 e'x
787 3648 933 3712 licatione
948 3644 1038 3712 facule
1052 3580 1182 3734 patebit.
1462 3657 1464 3661 ’

220 3753 229 3762 ’
275 3731 525 3800 Praeclarissimis
537 3731 647 3815 Viris,
663 3736 718 3823 qui
734 3672 785 3801 ael
791 3733 889 3801 Horti
905 3732 1092 3800 Matritensis
1109 3734 1362 3801 restaurationem
1380 3753 1465 3821 ope·
1549 3806 1552 3810 ,

212 3841 278 3887 ram
303 3840 464 3908 quamque
478 3819 613 3911 benigne
635 3820 807 3902 dederunt,
831 3822 942 3909 gratias
967 3841 1043 3908 quas
1067 3843 1192 3909 possum
1219 3820 1368 3885 maximas
1393 3840 1466 3908 agos
1547 3833 1563 3885 ἢ

211 3906 356 3987 eosdem,
372 3915 571 3997 caeterosque
587 3910 732 4014 Europae
748 3912 844 3977 totius
859 3907 921 3973 fere
936 3908 1100 3975 Botanices
1111 3925 1141 3974 et
1152 3908 1366 3996 Agriculturae
1380 3906 1465 3973 Pro·
1548 3908 1550 3912 ’
1571 3925 1579 3940 ··

210 3992 354 4073 sessores,
365 3992 478 4082 quibus
494 3999 609 4065 litteras
627 4020 806 4085 rarroraqne
822 3995 939 4062 semina
956 3995 1057 4076 missi,
1074 3997 1258 4081 mittamque
1268 3994 1398 4073 deinde,
1415 4018 1467 4063 ro-

214 4102 255 4168 go
279 4079 500 4171 obtestorque,
522 4101 557 4150 ut
579 4083 687 4151 eadem
713 4107 763 4150 me
785 4081 974 4172 indulgentia
992 4099 1089 4188 atque
1108 4081 1287 4150 liberalitate
1309 4083 1339 4147 in
1358 4100 1468 4173 poste-

210 4188 281 4235 rum
303 4189 553 4260 prosequantur,
577 4171 657 4239 illud
678 4170 801 4254 donec,
826 4171 914 4260 quod
937 4169 1014 4238 mihi
1037 4193 1070 4236 rn
1091 4173 1173 4239 votis
1196 4187 1261 4252 est,
1283 4190 1467 4260 consequar,

649 4355 896 4492 <curarat
